1867 3073
639 177 694 231 of
708 191 810 218 some
831 175 994 217 Exotic
1017 175 1214 231 Diptera.
1608 177 1631 215 7

727 343 873 393 Family
893 346 1137 380 MUSCIDAE.

712 428 843 465 Genus
860 429 1022 472 Acums,
1044 427 1155 465 Fabr.

286 506 373 543 Hoc
397 519 516 556 genus
538 505 693 555 optimae
720 515 833 548 notae,
862 504 1001 541 multos
1028 518 1095 554 per
1122 518 1239 542 annos
1258 518 1278 542 e
1299 504 1503 555 specimine
1525 507 1634 543 unico

234 566 430 610 Bosciano‚
459 565 571 602 hodie
592 565 629 602 in
646 564 799 602 Musaeo
820 564 1034 609 Parisiensi,
1062 573 1100 602 at
1122 564 1219 601 male
1240 572 1476 609 conservato,
1506 565 1634 615 cogni-

233 635 313 663 tum
349 635 418 663 est.
502 625 588 662 Hoc
627 625 810 662 insectum
844 624 1074 668 Javanicam,
1119 623 1211 661 cura.
1242 624 1427 668 Guerinii,
1461 634 1636 662 monente

235 685 518 734 Wiedemanno,
567 685 795 722 delineatum
827 692 885 721 est
928 685 963 721 in
1002 684 1197 734 opusculo,
1245 697 1344 721 anno
1380 687 1480 721 1830
1522 684 1636 721 Kiliae

233 745 481 782 Holsatorum
502 745 616 789 edito,
646 745 706 782 cui
725 744 856 781 titulus
886 748 910 765 ‘⁶
929 744 1070 780 Achias
1090 744 1339 793 Dipterorum
1363 743 1495 781 Genus
1520 758 1541 780 a
1566 744 1637 781 Fa-

232 805 351 842 bricio
380 805 573 843 conditum
599 804 826 841 illustratum
855 804 1040 853 novisque
1070 804 1267 853 speciebus
1297 803 1486 847 auctum‚”
1515 805 1583 842 &a
1615 805 1638 841 a

233 865 324 903 Chr.
352 865 454 902 Rud.
479 864 583 902 Guil.
606 864 863 909 Wiedemann,
893 877 976 901 cum
1009 863 1262 914 descriptione
1287 863 1422 913 gallica
1442 863 1637 909 Latreillii,

234 926 379 964 auctori
398 925 685 963 communicata.

287 986 364 1023 Hae
389 999 497 1023 novae
527 986 670 1036 species
698 993 863 1022 attamen
890 985 1092 1034 generibus
1117 985 1198 1021 aliis
1224 984 1424 1034 pertinent,
1452 984 1530 1021 scil.
1547 984 1638 1021 Pla-

232 1046 448 1097 giocephalo
469 1046 533 1096 (P.
558 1045 746 1091 lobzclarz's,
775 1059 824 1082 ex
844 1045 1021 1090 Brasilia)
1042 1060 1050 1090 ;
1090 1044 1330 1096 Zygotltricae
1349 1045 1410 1094 (Ζ.
1430 1045 1569 1094 dispar,
1589 1058 1639 1081 ex

236 1106 435 1156 Brasilia);
482 1115 521 1144 et
556 1106 691 1157 Diopsi
725 1106 896 1156 (Diopsis
931 1105 1291 1156 (Splzryraceplzala)
1325 1105 1552 1150 brevicornis‚
1590 1119 1640 1142 ex

237 1167 414 1204 America
432 1166 744 1218 septentrionali).

289 1226 462 1276 Speciem
483 1226 686 1263 secundam
707 1225 997 1276 pulcherrimam
1017 1225 1163 1270 Aclciae,
1193 1225 1305 1262 etiam
1329 1238 1378 1262 ex
1408 1224 1528 1261 insula
1546 1224 1642 1261 Java

239 1286 418 1324 celeberr.
435 1286 483 1324 T.
500 1286 736 1323 Horsfieldio
751 1285 915 1331 allatam,
929 1285 1111 1335 descripsi
1126 1294 1164 1322 et
1178 1285 1362 1322 delineavi
1383 1285 1419 1321 in
1432 1298 1546 1334 opere
1559 1298 1643 1322 meo

238 1351 261 1368 “
278 1347 438 1383 Cabinet
458 1346 504 1383 of
524 1346 696 1384 Oriental
718 1345 1009 1396 Entomology,’'
1029 1359 1065 1396 p.
1087 1349 1147 1390 38,
1170 1346 1247 1382 tab.
1268 1349 1326 1389 18,
1349 1345 1374 1383 f.
1393 1348 1429 1382 4.
1485 1344 1572 1381 Mas
1589 1345 1640 1381 ibi

238 1406 473 1451 delineatus3
511 1419 610 1444 nunc
639 1420 730 1443 vero
764 1415 890 1456 partes
920 1406 1147 1443 anatomicas
1182 1405 1353 1456 ejusdem
1387 1404 1519 1441 insecti
1553 1418 1638 1441 cum

241 1466 362 1516 figura
395 1466 527 1516 capitis
560 1466 728 1503 foeminae
757 1465 856 1503 addo
886 1475 925 1503 et
955 1465 1118 1516 speciem
1151 1466 1299 1502 tertiam
1331 1465 1543 1515 giganteam
1576 1464 1641 1501 de-

239 1527 376 1564 scribo.
423 1526 640 1576 Utrumque
661 1539 794 1564 sexum
816 1525 927 1576 hujus
948 1525 1070 1562 tertiae
1091 1525 1229 1575 speciei
1249 1538 1396 1563 mecum
1420 1524 1643 1561 amicissime

241 1586 532 1623 communicavit
565 1587 679 1623 Dom.
715 1585 773 1622 W.
807 1585 866 1622 W.
897 1585 1102 1629 Saunders,
1147 1585 1234 1622 inde
1276 1594 1380 1635 patet
1411 1584 1645 1634 pedunculos

241 1646 453 1696 oculigeros
486 1646 524 1682 in
556 1645 713 1682 foemina
745 1644 858 1695 hujus
889 1645 1037 1694 generis
1070 1645 1191 1682 multo
1229 1645 1421 1682 breviores
1460 1657 1572 1694 quam
1610 1645 1647 1680 in

241 1707 422 1751 maribus,
441 1706 544 1756 quod
563 1706 674 1743 etiam
693 1706 730 1743 in
747 1706 797 1743 A.
818 1705 1032 1755 Horsfieldii
1051 1705 1210 1742 obtinet.

295 1766 372 1803 Hae
393 1775 468 1803 tres
488 1766 663 1816 genuinae
683 1766 828 1816 species
848 1766 996 1816 generis
1016 1765 1150 1802 Aclziae
1170 1765 1266 1802 inter
1286 1779 1337 1809 se,
1368 1765 1488 1802 forma
1514 1765 1645 1815 capitis

242 1835 280 1862 et
308 1826 476 1876 corporis
506 1840 574 1863 nec
599 1839 673 1863 non
699 1825 945 1876 dispositione
969 1839 1148 1862 venarum
1178 1825 1320 1862 alarum
1352 1826 1578 1876 discrepant,
1608 1835 1646 1862 et

242 1886 369 1923 forsan
390 1886 546 1923 totidem
568 1887 780 1936 subgenera
798 1894 1000 1936 systemate
1020 1885 1204 1922 hodierno
1224 1885 1469 1922 constituunt.
1528 1885 1642 1922 Hunc

242 1946 409 1983 laborem
436 1946 518 1984 aliis
541 1955 704 1983 attamen
728 1946 913 1995 relinquo,
945 1945 1129 1983 sectiones
1157 1945 1274 1983 literis
1301 1955 1448 1983 notatas
1473 1945 1534 1983 hic
1564 1954 1643 1983 tan-

246 2016 324 2043 tum
345 2007 510 2044 indicans
528 2022 535 2043 z

297 2080 334 2103 A.
364 2065 485 2104 Venae
505 2067 649 2104 alarum
669 2075 795 2104 rectae.

399 2140 432 2163 a.
464 2126 613 2177 Corpus
632 2128 747 2164 breve
767 2140 948 2164 crassum.
1004 2127 1052 2163 A.
1074 2127 1247 2164 oculatus.

399 2187 436 2223 b.
467 2187 615 2237 Corpus
635 2200 720 2224 cum
741 2186 901 2236 pedibus
920 2186 1147 2236 elongatum.
1204 2188 1251 2222 A.
1274 2186 1560 2223 Iclmeumonezcs.

298 2260 331 2283 B.
363 2245 484 2283 Venae
504 2247 638 2284 anticae
658 2246 801 2283 alarum
822 2255 1002 2283 curvatae.
1060 2247 1109 2282 A.
1130 2245 1354 2294 Horffieldii.

247 2347 385 2403 Aclzias
403 2366 690 2412 Idmeumomus,
713 2367 866 2404 Westvv.
920 2367 1037 2417 (Tab.
1060 2366 1216 2404 XXIII.
1244 2367 1306 2416 fig.
1330 2371 1363 2411 8,
1388 2367 1460 2404 and
1480 2367 1647 2416 details.)

300 2434 348 2470 A.
381 2433 520 2479 fulvus,
558 2435 690 2485 capitis
719 2435 941 2485 pedunculis
974 2435 1258 2485 nigro-vittatis,
1297 2434 1364 2471 alis
1401 2434 1646 2480 nitidissimis,

351 2492 512 2540 flavidis,
540 2495 644 2531 venis
664 2494 791 2532 fulvis.

300 2553 421 2604 Long.
441 2567 543 2604 corp.
563 2554 628 2591 lin.
651 2554 799 2603 7——9{;
831 2568 987 2605 expans.
1008 2555 1096 2592 alar.
1117 2554 1181 2591 lin.
1205 2555 1419 2603 123—155.

303 2613 463 2651 Habitat
482 2614 518 2651 in
538 2614 647 2651 India
665 2614 863 2652 Orientali.

302 2674 347 2710 In
369 2673 473 2711 Mus.
496 2674 686 2711 Saunders
712 2678 737 2714 ἃ
774 2679 796 2716 9
819 2689 829 2723 3
859 2675 964 2712 Mus.
983 2674 1134 2712 WestW.
1164 2677 1209 2715 ἃ.
1266 2675 1316 2711 D.
1341 2674 1455 2723 Boys.

303 2749 452 2800 Corpus
473 2759 594 2788 totum
614 2751 726 2788 maris
745 2752 833 2788 laete
854 2751 1015 2796 fulvum,
1034 2751 1127 2788 vitta
1146 2751 1269 2788 antica
1288 2759 1325 2787 et
1344 2750 1486 2800 postica
1506 2749 1651 2800 pedun-

355 2810 523 2848 culorum
558 2810 835 2861 oculigerorum
869 2811 985 2861 nigris
1011 2811 1194 2861 exceptis,
1250 2810 1399 2860 Corpus
1424 2810 1651 2859 elongatum.
